
@article{loh_living_2005,
	title = {The {Living} {Planet} {Index}: using species population time series to track trends in biodiversity},
	volume = {360},
	shorttitle = {The {Living} {Planet} {Index}},
	url = {https://royalsocietypublishing.org/doi/10.1098/rstb.2004.1584},
	doi = {10.1098/rstb.2004.1584},
	abstract = {The Living Planet Index was developed to measure the changing state of the world's biodiversity over time. It uses time-series data to calculate average rates of change in a large number of populations of terrestrial, freshwater and marine vertebrate species. The dataset contains about 3000 population time series for over 1100 species. Two methods of calculating the index are outlined: the chain method and a method based on linear modelling of log-transformed data. The dataset is analysed to compare the relative representation of biogeographic realms, ecoregional biomes, threat status and taxonomic groups among species contributing to the index.

The two methods show very similar results: terrestrial species declined on average by 25\% from 1970 to 2000. Birds and mammals are over-represented in comparison with other vertebrate classes, and temperate species are over-represented compared with tropical species, but there is little difference in representation between threatened and non-threatened species. Some of the problems arising from over-representation are reduced by the way in which the index is calculated. It may be possible to reduce this further by post-stratification and weighting, but new information would first need to be collected for data-poor classes, realms and biomes.},
	number = {1454},
	urldate = {2023-02-01},
	journal = {Philosophical Transactions of the Royal Society B: Biological Sciences},
	author = {Loh, Jonathan and Green, Rhys E and Ricketts, Taylor and Lamoreux, John and Jenkins, Martin and Kapos, Valerie and Randers, Jorgen},
	month = feb,
	year = {2005},
	note = {Publisher: Royal Society},
	keywords = {2010 target, biodiversity indicator, Living Planet Index, representation, species population trends},
	pages = {289--295},
	file = {Full Text PDF:C\:\\Users\\romai\\Zotero\\storage\\XIRF9R9N\\Loh et al. - 2005 - The Living Planet Index using species population .pdf:application/pdf},
}

@article{collen_monitoring_2009,
	title = {Monitoring {Change} in {Vertebrate} {Abundance}: {The} {Living} {Planet} {Index}},
	volume = {23},
	issn = {0888-8892},
	shorttitle = {Monitoring {Change} in {Vertebrate} {Abundance}},
	url = {https://www.jstor.org/stable/29738731},
	abstract = {The task of measuring the decline of global biodiversity and instituting changes to halt and reverse this downturn has been taken up in response to the Convention on Biological Diversity's 2010 target. It is an undertaking made more difficult by the complex nature of biodiversity and the consequent difficulty in accurately gauging its depletion. In the Living Planet Index, aggregated population trends among vertebrate species indicate the rate of change in the status of biodiversity, and this index can be used to address the question of whether or not the 2010 target has been achieved. We investigated the use of generalized additive models in aggregating large quantities of population trend data, evaluated potential bias that results from collation of existing trends, and explored the feasibility of disaggregating the data (e.g., geographically, taxonomically, regionally, and by thematic area). Our results show strengths in length and completeness of data, little evidence of bias toward threatened species, and the possibility of disaggregation into meaningful subsets. Limitations of the data set are still apparent, in particular the dominance of bird data and gaps in tropical-species population coverage. Population-trend data complement the longer-term, but more coarse-grained, perspectives gained by evaluating species-level extinction rates. To measure progress toward the 2010 target, indicators must be adapted and strategically supplemented with existing data to generate meaningful indicators in time. Beyond 2010, it is critical a strategy be set out for the future development of indicators that will deal with existing data gaps and that is intricately tied to the goals of future biodiversity targets. /// La tarea de medir la declinación global de la biodiversidad y la institución de cambios para detener y revertir este decrecimiento se ha adoptado en respuesta al objetivo 2010 de la Convención de Diversidad Biológica. Es un cometido que se hace más difícil por la compleja naturaleza de la biodiversidad y la consecuente dificultad de evaluar su reducción con precisión. En el Índice del Planeta Viviente, las tendencias poblacionales agregadas entre especies de vertebrados indican una tasa de cambio en el estatus de la biodiversidad, y este índice puede ser utilizado para responder la pregunta sí el objetivo 2010 se ha alcanzado o no. Investigamos el uso de modelos aditivos generalizados para agregar grandes cantidades de datos de tendencias poblacionales, y exploramos la factibilidad de desagregar los datos (e.g., geográficamente, taxonómicamente, regionalmente y por área temática). Nuestros resultados muestran fortaleza en el detalle y compleción de los datos, poca evidencia de sesgo hacia especies amenazada y la posibilidad de desagregación en subconjuntos significativos. Las limitaciones de los datos aun son aparentes, en particular la dominancia de datos de aves y vacíos en la cobertura de poblaciones de especies tropicales. Los datos de tendencias poblacionales complementan el largo plazo, pero se obtienen perspectivas de grano más grueso mediante la evaluación de tasas de extinción a nivel de especies. Para medir el progreso hacia el objetivo 2010, los indicadores deben ser adaptados y estratégicamente suplementados con datos existentes para generar indicadores significativos a tiempo. Más allá de 2010, es crítico que se establezca una estrategia para el futuro desarrollo de indicadores que aborden los vacíos de datos y que esté intrincadamente ligada a las metas de objetivos futuros de biodiversidad.},
	number = {2},
	urldate = {2023-02-22},
	journal = {Conservation Biology},
	author = {Collen, Ben and Loh, Jonathan and Whitmee, Sarah and McRae, Louise and Amin, Rajan and Baillie, Jonathan E. M.},
	year = {2009},
	note = {Publisher: [Wiley, Society for Conservation Biology]},
	pages = {317--327},
	file = {JSTOR Full Text PDF:C\:\\Users\\romai\\Zotero\\storage\\FPLERHQ3\\Collen et al. - 2009 - Monitoring Change in Vertebrate Abundance The Liv.pdf:application/pdf},
}
